<?xml version="1.0" encoding="UTF-8"?><collection xmlns="http://www.loc.gov/MARC21/slim"><record><leader>00442nam--2200169-i-4500</leader><controlfield tag="001">000022396</controlfield><controlfield tag="002">20161230</controlfield><controlfield tag="005">20161230201034</controlfield><controlfield tag="008">060222s1000------------r-----000-0-eng-d</controlfield><datafield ind1=" " ind2=" " tag="040"><subfield code="a">IFIN-HH</subfield></datafield><datafield ind1="1" ind2=" " tag="100"><subfield code="a">Harkness, H.W</subfield></datafield><datafield ind1="1" ind2="0" tag="245"><subfield code="a">Elementary dynamics of particles</subfield><subfield code="c">H.W. Harkness</subfield></datafield><datafield ind1=" " ind2=" " tag="260"><subfield code="a">New York, Academic Press, 1964</subfield></datafield><datafield ind1=" " ind2=" " tag="300"><subfield code="a">IX + 219 P</subfield></datafield><datafield ind1=" " ind2=" " tag="490"><subfield code="a">academic paperbacks</subfield></datafield><datafield ind1=" " ind2=" " tag="852"><subfield code="a">20087</subfield><subfield code="c">531</subfield></datafield><datafield ind1=" " ind2=" " tag="CAT"><subfield code="a">Sys</subfield><subfield code="c">20100622</subfield><subfield code="h">141636</subfield></datafield></record></collection>